@book{PaulWilmott2006,
  author    = {Paul Wilmott},
  title     = {Paul Wilmott on Quantitative Finance},
  publisher = {Wiley},
  year      = {2006},
  edition   = {2nd}
}


